<?xml version="1.0" encoding="UTF-8"?><record xmlns="http://www.loc.gov/MARC21/slim" xmlns:cinclude="http://apache.org/cocoon/include/1.0" xmlns:zs="http://www.loc.gov/zing/srw/">
  <leader>00888nz  a2200217n  4500</leader>
  <controlfield tag="001">no2014023969</controlfield>
  <controlfield tag="003">DLC</controlfield>
  <controlfield tag="005">20140226141844.0</controlfield>
  <controlfield tag="008">140221n| azaaaaaan          |a ana     c</controlfield>
  <datafield tag="010" ind1=" " ind2=" ">
    <subfield code="a">no2014023969</subfield>
  </datafield>
  <datafield tag="035" ind1=" " ind2=" ">
    <subfield code="a">(OCoLC)oca09687815</subfield>
  </datafield>
  <datafield tag="040" ind1=" " ind2=" ">
    <subfield code="a">InU</subfield>
    <subfield code="b">eng</subfield>
    <subfield code="e">rda</subfield>
    <subfield code="c">InU</subfield>
  </datafield>
  <datafield tag="130" ind1=" " ind2="0">
    <subfield code="a">Veröffentlichungen des Südtiroler Landesarchivs.</subfield>
    <subfield code="p">Sonderband</subfield>
  </datafield>
  <datafield tag="410" ind1="2" ind2=" ">
    <subfield code="a">Südtiroler Archivverwaltung.</subfield>
    <subfield code="t">Veröffentlichungen des Südtiroler Landesarchivs.</subfield>
    <subfield code="p">Sonderband</subfield>
  </datafield>
  <datafield tag="430" ind1=" " ind2="0">
    <subfield code="a">Pubblicazioni dell'Archivio della Provincia di Bolzano.</subfield>
    <subfield code="p">Fuori collana</subfield>
  </datafield>
  <datafield tag="642" ind1=" " ind2=" ">
    <subfield code="a">2</subfield>
    <subfield code="5">DPCC</subfield>
    <subfield code="5">DLC</subfield>
  </datafield>
  <datafield tag="643" ind1=" " ind2=" ">
    <subfield code="a">Innsbruck</subfield>
    <subfield code="b">Universitätsverlag Wagner</subfield>
  </datafield>
  <datafield tag="644" ind1=" " ind2=" ">
    <subfield code="a">f</subfield>
    <subfield code="5">DLC</subfield>
  </datafield>
  <datafield tag="645" ind1=" " ind2=" ">
    <subfield code="a">t</subfield>
    <subfield code="5">DPCC</subfield>
    <subfield code="5">DLC</subfield>
  </datafield>
  <datafield tag="646" ind1=" " ind2=" ">
    <subfield code="a">s</subfield>
    <subfield code="5">DLC</subfield>
  </datafield>
  <datafield tag="670" ind1=" " ind2=" ">
    <subfield code="a">Die Marketenderin, 2013:</subfield>
    <subfield code="b">ser. t.p. (Veröffentlichungen des Südtiroler Landesarchivs, Sonderband 2) cover (Pubblicazioni dell'Archivio della Provincia di Bolzano, Fuori collana 2)</subfield>
  </datafield>
</record>